% IMPORTANT: Latex special characters are: # $ % & \ ^ _ { } ~. To avoid mistakes when compiling the reference list try writing \ before. For: \ use \textbackslash ; for ^ \textasciitilde and ~ \textasciicircum.

% @book{key,
%   author         = {},
%   title          = {},
%   edition        = {},
%   series         = {},
%   publisher      = {},
%   year           = {},
%   url            = {},
% }

% @article{key,
%   author          = {},
%   journal         = {},
%   number          = {},
%   title           = {},
%   volume          = {},
%   year            = {},
%   doi             = {},
% }

@online{Statistics-RM,
  author          = {Altair},
  title           = {Statistics - Altair RapidMiner},
  year            = {2024},
  url             = {https://docs.rapidminer.com/2024.1/studio/operators/cleansing/data_statistics.html},
  urldate         = {2024-10-23},
}

@online{Correlation-Matrix-RM,
  author          = {Altair},
  title           = {Correlation Matrix - Altair RapidMiner},
  year            = {2024},
  url             = {https://docs.rapidminer.com/2024.1/studio/operators/modeling/correlations/correlation_matrix.html},
  urldate         = {2024-10-23},
}


@online{LDA-RM,
  author       = {Altair},
  title        = {LDA - Altair RapidMiner},
  year         = {2024},
  url          = {https://docs.rapidminer.com/latest/studio/operators/extensions/Operator%20Toolbox/text_processing/lda_exampleset.html},
  urldate      = {2024-10-30}
}


% @techreport{IEEE830-1984,
%   title       = {{IEEE Guide for Software Requirements Specifications}},
%   type        = {IEEE Std.},
%   number      = {830-1984},
%   year        = {1984},
%   institution = {Institute of Electrical and Electronics Engineers},
%   doi         = {10.1109/IEEESTD.1984.119205}
% }

@misc{owd-passengers,
  author       = {International Civil Aviation Organization via Airlines for America},
  year         = {2023},
  title        = {Global number of airline passengers [dataset]},
  howpublished = {Processed by Our World in Data},
  note         = {Consultado: 30 octubre, 2024},
  url          = {https://ourworldindata.org/grapher/number-airline-passengers}
}
@article{espanna,
   author          = {Darío Perez-Campuzano and Patricio Morcillo Ortega and Luis Rubio Andrada and Antonio López-Lázaro},
   journal         = {Journal of Airline and Airport Management},
   number          = {2},
   title           = {Artificial Intelligence potential within airlines: a review on how AI can enhance strategic decision-making in times of COVID-19},
   volume          = {11},
   pages           = {53--72},
   year            = {2021},
   doi             = {https://doi.org/10.3926/jairm.189}
}
