% IMPORTANT: Latex special characters are: # $ % & \ ^ _ { } ~. To avoid mistakes when compiling the reference list try writing \ before. For: \ use \textbackslash ; for ^ \textasciitilde and ~ \textasciicircum.

% @book{key,
%   author         = {},
%   title          = {},
%   edition        = {},
%   series         = {},
%   publisher      = {},
%   year           = {},
%   url            = {},
% }

% @article{key,
%   author          = {},
%   journal         = {},
%   number          = {},
%   title           = {},
%   volume          = {},
%   year            = {},
%   doi             = {},
% }


% @techreport{IEEE830-1984,
%   title       = {{IEEE Guide for Software Requirements Specifications}},
%   type        = {IEEE Std.},
%   number      = {830-1984},
%   year        = {1984},
%   institution = {Institute of Electrical and Electronics Engineers},
%   doi         = {10.1109/IEEESTD.1984.119205}
% }

@article{espanna,
   author          = {Darío Perez-Campuzano and Patricio Morcillo Ortega and Luis Rubio Andrada and Antonio López-Lázaro},
   journal         = {Journal of Airline and Airport Management},
   number          = {2},
   title           = {Artificial Intelligence potential within airlines: a review on how AI can enhance strategic decision-making in times of COVID-19},
   volume          = {11},
   pages           = {53--72},
   year            = {2021},
   doi             = {https://doi.org/10.3926/jairm.189}
}
