
@misc{endesa-beneficiosembalses,
  author       = {Endesa},
  title        = {Endesa},
  howpublished = {\url{https://www.endesa.com/es/la-cara-e/centrales-electricas/para-que-sirven-embalses-usos-beneficios}},
  year         = {2024},
  note         = {Consultado: 6 octubre, 2024}
}
@techreport{la-energia-en-espanna,
  author      = {Gobierno de España},
  title       = {La energía en España 2015},
  institution = {Ministerio de Industria, Energía y Turismo},
  year        = {2015},
  address     = {España},
  url         = {https://www.miteco.gob.es/content/dam/miteco/es/energia/files-1/balances/Balances/LibrosEnergia/Energia_2015.pdf},
  note        = {Consultado: 6 octubre, 2024}
}

